<?xml version="1.0" encoding="UTF-8"?><record xmlns="http://www.loc.gov/MARC21/slim" xmlns:cinclude="http://apache.org/cocoon/include/1.0" xmlns:zs="http://www.loc.gov/zing/srw/">
  <leader>00426cz  a2200133n  4500</leader>
  <controlfield tag="001">n  86056788 </controlfield>
  <controlfield tag="003">DLC</controlfield>
  <controlfield tag="005">20141209090634.0</controlfield>
  <controlfield tag="008">870909n| azannaab           |n aaa      </controlfield>
  <datafield tag="010" ind1=" " ind2=" ">
    <subfield code="a">n  86056788 </subfield>
  </datafield>
  <datafield tag="040" ind1=" " ind2=" ">
    <subfield code="a">DLC</subfield>
    <subfield code="b">eng</subfield>
    <subfield code="e">rda</subfield>
    <subfield code="c">DLC</subfield>
    <subfield code="d">DLC</subfield>
  </datafield>
  <datafield tag="046" ind1=" " ind2=" ">
    <subfield code="f">1933</subfield>
  </datafield>
  <datafield tag="100" ind1="1" ind2=" ">
    <subfield code="a">Kimsey, Colette Martine Angeline,</subfield>
    <subfield code="d">1933-</subfield>
  </datafield>
  <datafield tag="670" ind1=" " ind2=" ">
    <subfield code="a">Kimsey, E.T. French heritage, 1986:</subfield>
    <subfield code="b">p. 32 (Colette Martine Angeline Kimsey; b. in La Rochelle, France, 11/23/33)</subfield>
  </datafield>
</record>